@article{fleischmann2020morphological,
  title={Morphological tessellation as a way of partitioning space: Improving consistency in urban morphology at the plot scale},
  author={Fleischmann, Martin and Feliciotti, Alessandra and Romice, Ombretta and Porta, Sergio},
  journal={Computers, Environment and Urban Systems},
  volume={80},
  pages={101441},
  year={2020},
  publisher={Elsevier}
}
