@article{abbot2000,
  title   = {Sequence Analysis and Optimal Matching Methods in Sociology: {{Review}} and Prospect},
  author  = {Abbot, Andrew and Tsay, Angela},
  year    = {2000},
  volume  = {29},
  pages   = {3--33},
  doi     = {10/bcnfpq},
  eprint  = {https://doi.org/10.1177/0049124100029001001},
  journal = {Sociological Methods \& Research},
  number  = {1}
}

@article{abrantes2019,
  title      = {Modelling Urban Form: {{A}} Multidimensional Typology of Urban Occupation for Spatial Analysis},
  shorttitle = {Modelling Urban Form},
  author     = {Abrantes, Patr{\'i}cia and Rocha, Jorge and {Marques da Costa}, Eduarda and Gomes, Eduardo and Morgado, Paulo and Costa, Nuno},
  year       = {2019},
  month      = jan,
  volume     = {46},
  pages      = {47--65},
  issn       = {2399-8083, 2399-8091},
  doi        = {10/gc3j95},
  journal    = {Environment and Planning B: Urban Analytics and City Science},
  language   = {en},
  number     = {1}
}

@article{ahlfeldt2018,
  title  = {Demystifying Compact Urban Growth},
  author = {Ahlfeldt, Gabriel and Pietrostefani, Elisabetta and Schumann, Abel and Matsumoto, Tadashi},
  year   = {2018},
  doi    = {10/ghf97z}
}

@article{ahlfeldt2019,
  title      = {The Economic Effects of Density: {{A}} Synthesis},
  shorttitle = {The Economic Effects of Density},
  author     = {Ahlfeldt, Gabriel M. and Pietrostefani, Elisabetta},
  year       = {2019},
  month      = may,
  volume     = {111},
  pages      = {93--107},
  issn       = {00941190},
  doi        = {10/gg4vf4},
  journal    = {Journal of Urban Economics},
  language   = {en}
}

@article{alexiou2016a,
  title    = {A {{Classification}} of {{Multidimensional Open Data}} for {{Urban Morphology}}},
  author   = {Alexiou, Alexandros and Singleton, Alex and Longley, Paul A.},
  year     = {2016},
  month    = oct,
  volume   = {42},
  pages    = {382--395},
  issn     = {02637960},
  doi      = {10/gddwsn},
  journal  = {Built Environment},
  language = {en},
  number   = {3}
}

@article{anas1998,
  title     = {Urban Spatial Structure},
  author    = {Anas, Alex and Arnott, Richard and Small, Kenneth A},
  year      = {1998},
  volume    = {36},
  pages     = {1426--1464},
  publisher = {{JSTOR}},
  journal   = {Journal of economic literature},
  number    = {3}
}

@article{angel2016,
  title   = {Atlas of Urban Expansion\textemdash 2016 Edition, Volume 2: {{Blocks}} and Roads},
  author  = {Angel, S and {Lamson-Hall}, P and Madrid, M and Blei, AM and Parent, J and Galarza, Sanchez N and Thom, K},
  year    = {2016},
  journal = {New York, NY: New York University}
}

@article{angel2018,
  title   = {The Shape Compactness of Urban Footprints},
  author  = {Angel, Shlomo and Arango Franco, Sara and Liu, Yang and Blei, Alejandro M},
  year    = {2018},
  month   = dec,
  doi     = {10.1016/j.progress.2018.12.001},
  file    = {/Users/martin/Dropbox/References/Angel et al/Angel et al - 2018 - The shape compactness of urban footprints.pdf},
  journal = {Progress in Planning}
}

@article{araldi2019,
  ids     = {araldi2019a},
  title   = {From the Street to the Metropolitan Region: {{Pedestrian}} Perspective in Urban Fabric Analysis:},
  author  = {Araldi, Alessandro and Fusco, Giovanni},
  year    = {2019},
  month   = aug,
  volume  = {46},
  pages   = {1243--1263},
  doi     = {10.1177/2399808319832612},
  journal = {Environment and Planning B: Urban Analytics and City Science},
  number  = {7}
}

@article{arribas-bel2011,
  title     = {Multidimensional Urban Sprawl in {{Europe}}: {{A}} Self-Organizing Map Approach},
  author    = {{Arribas-Bel}, Daniel and Nijkamp, Peter and Scholten, Henk},
  year      = {2011},
  volume    = {35},
  pages     = {263--275},
  publisher = {{Elsevier}},
  doi       = {10/d4bpg7},
  journal   = {Computers, environment and urban systems},
  number    = {4}
}

@article{arribas-bel2017,
  title     = {Remote Sensing-Based Measurement of {{Living Environment Deprivation}}: {{Improving}} Classical Approaches with Machine Learning},
  author    = {{Arribas-Bel}, Daniel and Patino, Jorge E and Duque, Juan C},
  year      = {2017},
  volume    = {12},
  pages     = {e0176684},
  publisher = {{Public Library of Science San Francisco, CA USA}},
  doi       = {10/f949sc},
  journal   = {PloS one},
  number    = {5}
}

@article{balk2018,
  title     = {Understanding Urbanization: {{A}} Study of Census and Satellite-Derived Urban Classes in the {{United States}}, 1990-2010},
  author    = {Balk, Deborah and Leyk, Stefan and Jones, Bryan and Montgomery, Mark R and Clark, Anastasia},
  year      = {2018},
  volume    = {13},
  pages     = {e0208487},
  publisher = {{Public Library of Science San Francisco, CA USA}},
  doi       = {10/ggqshc},
  journal   = {PloS one},
  number    = {12}
}

@article{batty1987,
  title   = {Fractal-based description of urban form},
  volume  = {14},
  url     = {http://journals.sagepub.com/doi/pdf/10.1068/b140123?id=b140123},
  doi     = {10.1068/b140123},
  number  = {1961},
  journal = {Environment and Planning B: Planning and Design},
  author  = {Batty, Michael and Longley, P A},
  month   = jan,
  year    = {1987},
  pages   = {123--134}
}

@book{batty2013,
  title     = {The New Science of Cities},
  author    = {Batty, Michael},
  year      = {2013},
  publisher = {{MIT press}}
}

@article{bobkova2019,
  title      = {Towards Analytical Typologies of Plot Systems: {{Quantitative}} Profile of Five {{European}} Cities},
  shorttitle = {Towards Analytical Typologies of Plot Systems},
  author     = {Bobkova, Evgeniya and Berghauser Pont, Meta and Marcus, Lars},
  year       = {2019},
  month      = oct,
  pages      = {239980831988090},
  issn       = {2399-8083, 2399-8091},
  doi        = {10/ggbgsm},
  journal    = {Environment and Planning B: Urban Analytics and City Science},
  language   = {en}
}

@article{bobkova2019a,
  title      = {Structure of {{Plot Systems}} and {{Economic Activity}} in {{Cities}}: {{Linking Plot Types}} to {{Retail}} and {{Food Services}} in {{London}}, {{Amsterdam}} and {{Stockholm}}},
  shorttitle = {Structure of {{Plot Systems}} and {{Economic Activity}} in {{Cities}}},
  author     = {Bobkova, Evgeniya and Marcus, Lars and Berghauser Pont, Meta and Stavroulaki, Ioanna and Bolin, David},
  year       = {2019},
  month      = jul,
  volume     = {3},
  pages      = {66},
  issn       = {2413-8851},
  doi        = {10/gf4tb4},
  journal    = {Urban Science},
  language   = {en},
  number     = {3}
}

@article{boeing2018,
  title   = {A Multi-Scale Analysis of 27,000 Urban Street Networks: {{Every US}} City, Town, Urbanized Area, and {{Zillow}} Neighborhood},
  author  = {Boeing, Geoff},
  year    = {2018},
  month   = jan,
  volume  = {219},
  pages   = {239980831878459},
  doi     = {10.1177/2399808318784595},
  journal = {Environment and Planning B: Urban Analytics and City Science},
  number  = {4}
}

@article{boeing2018a,
  title   = {Measuring the Complexity of Urban Form and Design},
  author  = {Boeing, Geoff},
  year    = {2018},
  month   = oct,
  pages   = {1--12},
  doi     = {10.1057/s41289-018-0072-1},
  journal = {URBAN DESIGN International}
}

@article{boeing2019,
  title      = {Spatial Information and the Legibility of Urban Form: {{Big}} Data in Urban Morphology},
  shorttitle = {Spatial Information and the Legibility of Urban Form},
  author     = {Boeing, Geoff},
  year       = {2019},
  month      = oct,
  pages      = {102013},
  issn       = {02684012},
  doi        = {10/ggcg9v},
  journal    = {International Journal of Information Management},
  language   = {en}
}

@article{bourdic2012,
  title    = {Assessing Cities: A New System of Cross-Scale Spatial Indicators},
  author   = {Bourdic, Loeiz and Salat, Serge and Nowacki, Caroline},
  year     = {2012},
  month    = jan,
  volume   = {40},
  pages    = {592--605},
  doi      = {10.1080/09613218.2012.703488},
  abstract = {A comprehensive table displays 60 indicators and method},
  journal  = {Building Research \& Information},
  number   = {5}
}

@book{caniggia2001,
  title     = {Architectural Composition and Building Typology: Interpreting Basic Building},
  author    = {Caniggia, Gianfranco and Maffei, Gian Luigi},
  year      = {2001},
  volume    = {176},
  publisher = {{Alinea Editrice}},
  address   = {{Firenze}}
}

@article{cheshire2005,
  title   = {The Introduction of Price Signals into Land Use Planning Decision-Making: {{A}} Proposal},
  author  = {Cheshire, Paul and Sheppard, Stephen},
  year    = {2005},
  volume  = {42},
  pages   = {647--663},
  doi     = {10/cqp3nt},
  eprint  = {https://doi.org/10.1080/00420980500060210},
  journal = {Urban Studies},
  number  = {4}
}

@article{chung2014,
  title         = {Empirical Evaluation of Gated Recurrent Neural Networks on Sequence Modeling},
  author        = {Chung, Junyoung and Gulcehre, Caglar and Cho, KyungHyun and Bengio, Yoshua},
  year          = {2014},
  archiveprefix = {arXiv},
  eprint        = {1412.3555},
  eprinttype    = {arxiv},
  journal       = {arXiv preprint arXiv:1412.3555}
}

@article{conzen1960alnwick,
  title     = {Alnwick, Northumberland: a study in town-plan analysis},
  author    = {Conzen, Michael Robert Gunter},
  journal   = {Transactions and Papers (Institute of British Geographers)},
  number    = {27},
  pages     = {iii--122},
  year      = {1960},
  publisher = {JSTOR}
}

@article{day2017,
  title     = {A Survey on Heterogeneous Transfer Learning},
  author    = {Day, Oscar and Khoshgoftaar, Taghi M},
  year      = {2017},
  volume    = {4},
  pages     = {29},
  publisher = {{Springer}},
  doi       = {10/ggb6pc},
  journal   = {Journal of Big Data},
  number    = {1}
}

@article{delmelle2016,
  title     = {Mapping the {{DNA}} of Urban Neighborhoods: {{Clustering}} Longitudinal Sequences of Neighborhood Socioeconomic Change},
  author    = {Delmelle, Elizabeth C},
  year      = {2016},
  volume    = {106},
  pages     = {36--56},
  publisher = {{Taylor \& Francis}},
  doi       = {10/ggzwzf},
  journal   = {Annals of the American Association of Geographers},
  number    = {1}
}

@article{desa2018,
  title   = {Revision of World Urbanization Prospects},
  author  = {DESA, UN},
  year    = {2018},
  journal = {Population Division of the UN Department of Economic and Social Affairs, UN, New York. URL: https://population. un. org/wup}
}

@phdthesis{dibble2016urban,
  title  = {Urban morphometrics: towards a quantitative science of urban form},
  author = {Dibble, Jacob Leonard},
  year   = {2016},
  school = {University of Strathclyde}
}

@article{dibble2019origin,
  title     = {On the origin of spaces: Morphometric foundations of urban form evolution},
  author    = {Dibble, Jacob and Prelorendjos, Alexios and Romice, Ombretta and Zanella, Mattia and Strano, Emanuele and Pagel, Mark and Porta, Sergio},
  journal   = {Environment and Planning B: Urban Analytics and City Science},
  volume    = {46},
  number    = {4},
  pages     = {707--730},
  year      = {2019},
  publisher = {SAGE Publications Sage UK: London, England}
}

@article{eea2016,
  title     = {Urban Sprawl in Europe-Joint {{EEA}}-{{FOEN}} Report},
  author    = {EEA, EEA},
  year      = {2016},
  publisher = {{Luxembourg}}
}

@article{europeanenvironmentagency1990,
  title  = {{CORINE} {Land} {Cover}},
  url    = {http://www.eea.europa.eu/publications/COR0-landcover/page001.html},
  author = {{European Environment Agency}},
  month  = jan,
  year   = {1990},
  pages  = {1--163}
}

@article{ewing2016,
  title     = {Does Urban Sprawl Hold down Upward Mobility?},
  author    = {Ewing, Reid and Hamidi, Shima and Grace, James B and Wei, Yehua Dennis},
  year      = {2016},
  volume    = {148},
  pages     = {80--88},
  publisher = {{Elsevier}},
  doi       = {10/f8ghxs},
  journal   = {Landscape and Urban Planning}
}

@article{filomena2019a,
  title    = {A Computational Approach to `{{The Image}} of the {{City}}'},
  author   = {Filomena, Gabriele and Verstegen, Judith A. and Manley, Ed},
  year     = {2019},
  month    = jun,
  volume   = {89},
  pages    = {14--25},
  issn     = {02642751},
  doi      = {10/gg638x},
  journal  = {Cities},
  language = {en}
}

@article{fleischmann2019a,
  title   = {Momepy: {{Urban Morphology Measuring Toolkit}}},
  author  = {Fleischmann, Martin},
  year    = {2019},
  month   = jan,
  volume  = {4},
  pages   = {1807},
  doi     = {10.21105/joss.01807},
  journal = {Journal of Open Source Software},
  number  = {43}
}

@article{fleischmann2020measuring,
  title     = {Measuring urban form: Overcoming terminological inconsistencies for a quantitative and comprehensive morphologic analysis of cities},
  author    = {Fleischmann, Martin and Romice, Ombretta and Porta, Sergio},
  journal   = {Environment and Planning B: Urban Analytics and City Science},
  pages     = {2399808320910444},
  year      = {2020},
  publisher = {SAGE Publications Sage UK: London, England}
}

@article{fleischmann2020morphological,
  title    = {Morphological Tessellation as a Way of Partitioning Space: {{Improving}} Consistency in Urban Morphology at the Plot Scale},
  author   = {Fleischmann, Martin and Feliciotti, Alessandra and Romice, Ombretta and Porta, Sergio},
  year     = {2020},
  month    = jan,
  volume   = {80},
  pages    = {101441},
  doi      = {10.1016/j.compenvurbsys.2019.101441},
  journal  = {Computers, Environment and Urban Systems},
  keywords = {\#nosource}
}

@book{geddes1915cities,
  title     = {Cities in evolution: an introduction to the town planning movement and to the study of civics},
  author    = {Geddes, Patrick},
  year      = {1915},
  publisher = {London, Williams}
}

@article{gil2012,
  title   = {On the {{Discovery}} of {{Urban Typologies}}: {{Data Mining}} the {{Multi}}-Dimensional {{Character}} of {{Neighbourhoods}}},
  author  = {Gil, Jorge and Montenegro, Nuno and Beir{\~a}o, J N and Duarte, J P},
  year    = {2012},
  month   = jan,
  volume  = {16},
  pages   = {27--40},
  journal = {Urban Morphology},
  number  = {1}
}

@article{guyot2021,
  title      = {The Urban Form of {{Brussels}} from the Street Perspective: {{The}} Role of Vegetation in the Definition of the Urban Fabric},
  shorttitle = {The Urban Form of {{Brussels}} from the Street Perspective},
  author     = {Guyot, Madeleine and Araldi, Alessandro and Fusco, Giovanni and Thomas, Isabelle},
  year       = {2021},
  month      = jan,
  volume     = {205},
  pages      = {103947},
  issn       = {01692046},
  doi        = {10/ghf96c},
  journal    = {Landscape and Urban Planning},
  language   = {en}
}

@incollection{hamaina2012a,
  title     = {Towards {{Urban Fabrics Characterization Based}} on {{Buildings Footprints}}},
  booktitle = {Bridging the {{Geographic Information Sciences}}},
  author    = {Hamaina, Rachid and Leduc, Thomas and Moreau, Guillaume},
  year      = {2012},
  month     = jan,
  volume    = {2},
  pages     = {327--346},
  publisher = {{Springer, Berlin, Heidelberg}},
  address   = {{Berlin, Heidelberg}},
  doi       = {10.1007/978-3-642-29063-3_18},
  isbn      = {978-3-642-29062-6}
}

@book{harris2005,
  title     = {Geodemographics, {{GIS}} and Neighbourhood Targeting},
  author    = {Harris, Richard and Sleight, Peter and Webber, Richard},
  year      = {2005},
  volume    = {8},
  publisher = {{John Wiley \& Sons}}
}

@article{hartmann2016,
  title    = {A {{Workflow}} for {{Automatic Quantification}} of {{Structure}} and {{Dynamic}} of the {{German Building Stock Using Official Spatial Data}}},
  author   = {Hartmann, Andr{\'e} and Meinel, Gotthard and Hecht, Robert and Behnisch, Martin},
  year     = {2016},
  month    = aug,
  volume   = {5},
  pages    = {142},
  issn     = {2220-9964},
  doi      = {10/f872vh},
  journal  = {ISPRS International Journal of Geo-Information},
  language = {en},
  number   = {8}
}

@article{hilber2017,
  title   = {Britain's Housing Crisis: Causes and Cures},
  author  = {Hilber, Christian},
  year    = {2017},
  journal = {Presentation at the Department of Geography and Environment, London School of Economics}
}

@book{hillier1996,
  address   = {Cambridge},
  title     = {Space is the machine : a configurational theory of architecture},
  publisher = {Cambridge University Press},
  author    = {Hillier, Bill},
  month     = jan,
  year      = {1996}
}

@article{howarth1983landsat,
  title     = {Landsat digital enhancements for change detection in urban environments},
  author    = {Howarth, Philip J and Boasson, Emil},
  journal   = {Remote sensing of environment},
  volume    = {13},
  number    = {2},
  pages     = {149--160},
  year      = {1983},
  publisher = {Elsevier}
}

@article{jean2016,
  title     = {Combining Satellite Imagery and Machine Learning to Predict Poverty},
  author    = {Jean, Neal and Burke, Marshall and Xie, Michael and Davis, W Matthew and Lobell, David B and Ermon, Stefano},
  year      = {2016},
  volume    = {353},
  pages     = {790--794},
  publisher = {{American Association for the Advancement of Science}},
  doi       = {10/f8zbq7},
  journal   = {Science},
  number    = {6301}
}

@article{jochem2020,
  title    = {Classifying Settlement Types from Multi-Scale Spatial Patterns of Building Footprints},
  author   = {Jochem, Warren C and Leasure, Douglas R and Pannell, Oliver and Chamberlain, Heather R and Jones, Patricia and Tatem, Andrew J},
  year     = {2020},
  month    = may,
  pages    = {239980832092120},
  issn     = {2399-8083, 2399-8091},
  doi      = {10/ggtsbn},
  journal  = {Environment and Planning B: Urban Analytics and City Science},
  language = {en}
}

@inproceedings{koc2017mapping,
  title        = {Mapping local climate zones for urban morphology classification based on airborne remote sensing data},
  author       = {Koc, C Bartesaghi and Osmond, Paul and Peters, Alan and Irger, Matthias},
  booktitle    = {2017 Joint Urban Remote Sensing Event (JURSE)},
  pages        = {1--4},
  year         = {2017},
  organization = {IEEE}
}

@inproceedings{krizhevsky2012,
  title     = {Imagenet Classification with Deep Convolutional Neural Networks},
  booktitle = {Advances in Neural Information Processing Systems},
  author    = {Krizhevsky, Alex and Sutskever, Ilya and Hinton, Geoffrey E},
  year      = {2012},
  pages     = {1097--1105}
}

@article{lecun2015,
  title     = {Deep Learning},
  author    = {LeCun, Yann and Bengio, Yoshua and Hinton, Geoffrey},
  year      = {2015},
  volume    = {521},
  pages     = {436--444},
  publisher = {{Nature Publishing Group}},
  doi       = {10/bmqp},
  journal   = {nature},
  number    = {7553}
}

@article{lehner2019,
  title    = {A {{Generic Classification Scheme}} for {{Urban Structure Types}}},
  author   = {Lehner, Arthur and Blaschke, Thomas},
  year     = {2019},
  month    = jan,
  volume   = {11},
  pages    = {173},
  issn     = {2072-4292},
  doi      = {10.3390/rs11020173},
  journal  = {Remote Sensing},
  language = {en},
  number   = {2}
}

@book{lynch1960,
  title     = {The Image of the City},
  author    = {Lynch, Kevin},
  year      = {1960},
  volume    = {11},
  publisher = {{MIT press}}
}

@book{mcdonald2019,
  title     = {City Centres: Past, Present and Future},
  author    = {McDonald, R and Swinney, P},
  year      = {2019},
  publisher = {{Centre for Cities}}
}

@article{mcmillen2003,
  title     = {Evolving Subcenters: Employment and Population Densities in {{Chicago}}, 1970\textendash 2020},
  author    = {McMillen, Daniel P and Lester, T William},
  year      = {2003},
  volume    = {12},
  pages     = {60--81},
  publisher = {{Elsevier}},
  doi       = {10/b6djtn},
  journal   = {Journal of Housing Economics},
  number    = {1}
}

@article{muratori1959studi,
  title   = {Studi per una operante storia urbana di Venezia},
  author  = {Muratori, Saverio},
  journal = {Palladio},
  volume  = {1959},
  pages   = {1--113},
  year    = {1959}
}

@article{pan2009,
  title     = {A Survey on Transfer Learning},
  author    = {Pan, Sinno Jialin and Yang, Qiang},
  year      = {2009},
  volume    = {22},
  pages     = {1345--1359},
  publisher = {{IEEE}},
  doi       = {10/bc4vws},
  journal   = {IEEE Transactions on knowledge and data engineering},
  number    = {10}
}

@book{panerai1997formes,
  title     = {Formes urbaines: de l'{\^\i}lot {\`a} la barre},
  author    = {Panerai, Philippe and Castex, Jean and Depaule, Jean-Charles},
  year      = {1997},
  publisher = {Editions Parentheses}
}

@article{patino2013,
  title     = {A Review of Regional Science Applications of Satellite Remote Sensing in Urban Settings},
  author    = {Patino, Jorge E and Duque, Juan C},
  year      = {2013},
  volume    = {37},
  pages     = {1--17},
  publisher = {{Elsevier}},
  journal   = {Computers, Environment and Urban Systems}
}

@article{pauleit2000assessing,
  title     = {Assessing the environmental performance of land cover types for urban planning},
  author    = {Pauleit, Stephan and Duhme, Friedrich},
  journal   = {Landscape and urban planning},
  volume    = {52},
  number    = {1},
  pages     = {1--20},
  year      = {2000},
  publisher = {Elsevier}
}

@article{pesaresi2013,
  title     = {A Global Human Settlement Layer from Optical {{HR}}/{{VHR RS}} Data: Concept and First Results},
  author    = {Pesaresi, Martino and Huadong, Guo and Blaes, Xavier and Ehrlich, Daniele and Ferri, Stefano and Gueguen, Lionel and Halkia, Matina and Kauffmann, Mayeul and Kemper, Thomas and Lu, Linlin and others},
  year      = {2013},
  volume    = {6},
  pages     = {2102--2131},
  publisher = {{IEEE}},
  doi       = {10/f5dcxp},
  journal   = {IEEE Journal of Selected Topics in Applied Earth Observations and Remote Sensing},
  number    = {5}
}

@article{pivo1993taxonomy,
  title     = {A taxonomy of suburban office clusters: the case of Toronto},
  author    = {Pivo, Gary},
  journal   = {Urban Studies},
  volume    = {30},
  number    = {1},
  pages     = {31--49},
  year      = {1993},
  publisher = {Sage Publications Sage UK: London, England}
}

@article{popkin2018,
  title     = {Technology and Satellite Companies Open up a World of Data},
  author    = {Popkin, Gabriel},
  year      = {2018},
  volume    = {557},
  pages     = {745--748},
  publisher = {{Nature Publishing Group}},
  journal   = {Nature},
  number    = {7706}
}

@article{porta2006,
  title   = {The network analysis of urban streets: {A} primal approach},
  volume  = {33},
  url     = {http://journals.sagepub.com/doi/pdf/10.1068/b32045},
  doi     = {10.1068/b32045},
  number  = {5},
  journal = {Environment and Planning B: Planning and Design},
  author  = {Porta, Sergio and Crucitti, Paolo and Latora, Vito},
  month   = jan,
  year    = {2006},
  pages   = {705--725}
}

@article{rumelhart1986,
  title     = {Learning Representations by Back-Propagating Errors},
  author    = {Rumelhart, David E and Hinton, Geoffrey E and Williams, Ronald J},
  year      = {1986},
  volume    = {323},
  pages     = {533--536},
  publisher = {{Nature Publishing Group}},
  doi       = {10/cvjdpk},
  journal   = {nature},
  number    = {6088}
}

@article{schirmer2015,
  title   = {A Multiscale Classification of Urban Morphology},
  author  = {Schirmer, Patrick Michael and Axhausen, Kay W},
  year    = {2015},
  month   = may,
  volume  = {9},
  pages   = {101--130},
  doi     = {10.5198/jtlu.2015.667},
  journal = {Journal of Transport and Land Use},
  number  = {1}
}

@article{serra2018a,
  title   = {Social and {{Physical Characterization}} of {{Urban Contexts}}: {{Techniques}} and {{Methods}} for {{Quantification}}, {{Classification}} and {{Purposive Sampling}}},
  author  = {Serra, Miguel and Psarra, Sophia and O'Brien, Jamie},
  year    = {2018},
  month   = mar,
  volume  = {3},
  pages   = {58--74},
  doi     = {10.17645/up.v3i1.1269},
  journal = {Urban Planning},
  number  = {1}
}

@article{singleton2014,
  title     = {The Past, Present, and Future of Geodemographic Research in the {{United States}} and {{United Kingdom}}},
  author    = {Singleton, Alexander D and Spielman, Seth E},
  year      = {2014},
  volume    = {66},
  pages     = {558--567},
  publisher = {{Taylor \& Francis}},
  doi       = {10/gfc8sw},
  journal   = {The Professional Geographer},
  number    = {4}
}

@article{song2007,
  title   = {Quantitative {{Classification}} of {{Neighbourhoods}}: {{The Neighbourhoods}} of {{New Single}}-Family {{Homes}} in the {{Portland Metropolitan Area}}},
  author  = {Song, Yan and Knaap, Gerrit-Jan},
  year    = {2007},
  month   = feb,
  volume  = {12},
  pages   = {1--24},
  doi     = {10.1080/13574800601072640},
  journal = {Journal of Urban Design},
  number  = {1}
}

@article{sprawl2018,
  title  = {Rethinking Urban Sprawl Moving towards Sustainable Cities},
  author = {Sprawl, Rethinking Urban},
  year   = {2018}
}

@article{stewart2012,
  title   = {Local {{Climate Zones}} for {{Urban Temperature Studies}}},
  author  = {Stewart, I D and Oke, T R},
  year    = {2012},
  month   = dec,
  volume  = {93},
  pages   = {1879--1900},
  doi     = {10.1175/BAMS-D-11-00019.1},
  journal = {Bulletin of the American Meteorological Society},
  number  = {12}
}

@article{sudhira2004,
  title     = {Urban Sprawl: Metrics, Dynamics and Modelling Using {{GIS}}},
  author    = {Sudhira, HS and Ramachandra, TV and Jagadish, KS},
  year      = {2004},
  volume    = {5},
  pages     = {29--39},
  publisher = {{Elsevier}},
  doi       = {10/dxqf6m},
  journal   = {International Journal of Applied Earth Observation and Geoinformation},
  number    = {1}
}

@article{taubenbock2020,
  title    = {Seven City Types Representing Morphologic Configurations of Cities across the Globe},
  author   = {Taubenb{\"o}ck, H. and Debray, H. and Qiu, C. and Schmitt, M. and Wang, Y. and Zhu, X.X.},
  year     = {2020},
  month    = oct,
  volume   = {105},
  pages    = {102814},
  issn     = {02642751},
  doi      = {10/gg2jv4},
  journal  = {Cities},
  language = {en}
}

@article{trewartha1934japanese,
  title     = {Japanese Cities Distribution and Morphology},
  author    = {Trewartha, Glenn T},
  journal   = {Geographical Review},
  volume    = {24},
  number    = {3},
  pages     = {404--417},
  year      = {1934},
  publisher = {JSTOR}
}

@article{vanderhaegen2017,
  title   = {Mapping Urban Form and Function at City Block Level Using Spatial Metrics},
  author  = {Vanderhaegen, Sven and Canters, Frank},
  year    = {2017},
  month   = nov,
  volume  = {167},
  pages   = {399--409},
  doi     = {10.1016/j.landurbplan.2017.05.023},
  journal = {Landscape and Urban Planning}
}

@article{vandevoorde2017,
  title      = {Spatially Explicit Urban Green Indicators for Characterizing Vegetation Cover and Public Green Space Proximity: A Case Study on {{Brussels}}, {{Belgium}}},
  shorttitle = {Spatially Explicit Urban Green Indicators for Characterizing Vegetation Cover and Public Green Space Proximity},
  author     = {{Van de Voorde}, Tim},
  year       = {2017},
  month      = aug,
  volume     = {10},
  pages      = {798--813},
  issn       = {1753-8947, 1753-8955},
  doi        = {10/ghf97k},
  journal    = {International Journal of Digital Earth},
  language   = {en},
  number     = {8}
}

@article{venerandi2018,
  title     = {A Scalable Method to Quantify the Relationship between Urban Form and Socio-Economic Indexes},
  author    = {Venerandi, Alessandro and Quattrone, Giovanni and Capra, Licia},
  year      = {2018},
  volume    = {7},
  pages     = {1--21},
  publisher = {{Springer}},
  journal   = {EPJ Data Science}
}

@book{webber2018,
  title     = {The Predictive Postcode: {{The}} Geodemographic Classification of {{British}} Society},
  author    = {Webber, Richard and Burrows, Roger},
  year      = {2018},
  publisher = {{Sage}}
}

@article{wurm2016,
  title   = {Building {{Types}}' {{Classification Using Shape}}-{{Based Features}} and {{Linear Discriminant Functions}}},
  author  = {Wurm, Michael and Schmitt, Andreas and Taubenbock, Hannes},
  year    = {2016},
  month   = jan,
  volume  = {9},
  pages   = {1901--1912},
  doi     = {10.1109/JSTARS.2015.2465131},
  journal = {IEEE Journal of Selected Topics in Applied Earth Observations and Remote Sensing},
  number  = {5}
}

@article{openshaw1981modifiable,
  title     = {The modifiable areal unit problem},
  author    = {Openshaw, Stan},
  journal   = {Quantitative geography: A British view},
  pages     = {60--69},
  year      = {1981},
  publisher = {Routledge and Kegan Paul, Andover}
}


@article{taubenbock2019new,
  title     = {A new ranking of the world's largest cities—Do administrative units obscure morphological realities?},
  author    = {Taubenb{\"o}ck, Hannes and Weigand, Matthias and Esch, Thomas and Staab, Jeroen and Wurm, Michael and Mast, Johannes and Dech, Stefan},
  journal   = {Remote Sensing of Environment},
  volume    = {232},
  pages     = {111353},
  year      = {2019},
  publisher = {Elsevier}
}


@article{puente2020sensitive,
  title     = {How sensitive is city size distribution to the definition of city? The case of Spain},
  author    = {Puente-Ajov{\'\i}n, Miguel and Ramos, Arturo and Sanz-Gracia, Fernando and Arribas-Bel, Daniel},
  journal   = {Economics Letters},
  pages     = {109643},
  year      = {2020},
  publisher = {Elsevier}
}


@article{brodsky2018h3,
  title   = {H3: Uber’s hexagonal hierarchical spatial index},
  author  = {Brodsky, Isaac},
  journal = {Available from Uber Engineering website: https://eng. uber. com/h3/[22 June 2019]},
  year    = {2018}
}


@article{mehaffy2010urban,
  title     = {Urban nuclei and the geometry of streets: The ‘emergent neighborhoods’ model},
  author    = {Mehaffy, Michael and Porta, Sergio and Rofe, Yodan and Salingaros, Nikos},
  journal   = {Urban Design International},
  volume    = {15},
  number    = {1},
  pages     = {22--46},
  year      = {2010},
  publisher = {Springer}
}

@article{usui2013estimation,
  title   = {Estimation of mean lot depth and its accuracy},
  author  = {Usui, H and Asami, Y},
  journal = {Journal of City Planning Institute of Japan},
  volume  = {48},
  number  = {3},
  pages   = {357--362},
  year    = {2013}
}

@article{kropf2018plots,
  title   = {Plots, property and behaviour},
  author  = {Kropf, Karl},
  journal = {Urban Morphology},
  volume  = {22},
  number  = {1},
  pages   = {1--10},
  year    = {2018}
}